Automatically generated by Mendeley Desktop 1.11
Any changes to this file will be lost if it is regenerated by Mendeley.

BibTeX export options can be customized via Preferences -> BibTeX in Mendeley Desktop

@article{Baruh2000,
author = {Baruh, Haim},
journal = {The Journal of the Chinese Society of Mechanical Engineers},
number = {1},
pages = {15--24},
title = {{Another Look at the Describing Equations of Dynamics}},
volume = {21},
year = {2000}
}
@article{Sueur1992a,
author = {Sueur, C. and Dauphin-Tanguy, G.},
journal = {Journal of the Franklin Institute},
number = {6},
pages = {1109--1128},
title = {{Bond-graph modelling of flexible robots: the residual flexibility}},
volume = {329},
year = {1992}
}
@inproceedings{Jarzebowska2010,
address = {Serra Negra},
author = {Jarzebowska, Elzbieta M.},
booktitle = {9th Brazilian Conference on Dynamics, Control and their Applications},
pages = {96--107},
title = {{Control models for constrained mechanical systems - modeling for control and design revised}},
year = {2010}
}
@article{Wang2012,
author = {Wang, Lei and Sweetman, Bert},
journal = {Ocean Engineering},
number = {1},
pages = {155--164},
publisher = {Elsevier},
title = {{Simulation of large-amplitude motion of floating wind turbines using conservation of momentum}},
volume = {42},
year = {2012}
}
@article{Herve1999,
author = {Herv\'{e}, J. M.},
journal = {Mechanism and Machine Theory},
number = {5},
pages = {719--730},
title = {{The Lie group of rigid body displacements, a fundamental tool for mechanism design}},
volume = {34},
year = {1999}
}
@article{Udwadia2007,
author = {Udwadia, Firdaus E. and Phohomsiri, Phailaung},
journal = {Proceedings of the Royal Society A: Mathematical, Physical and Engineering Sciences},
number = {2082},
pages = {1435--1446},
title = {{Explicit Poincar\'{e} equations of motion for general constrained systems. Part II. Applications to multi-body dynamics and nonlinear control}},
volume = {463},
year = {2007}
}
@article{Udwadia1993,
author = {Udwadia, Firdaus E. and Kalaba, R. E.},
journal = {Journal of the Franklin Institute},
number = {3},
pages = {571--577},
title = {{On Motion}},
volume = {330},
year = {1993}
}
@article{McPhee1997,
author = {McPhee, John J.},
journal = {Journal of the Franklin Institute},
number = {3},
pages = {431--445},
title = {{A unified graph—Theoretic approach to formulating multibody dynamics equations in absolute or joint coordinates}},
volume = {334},
year = {1997}
}
@article{Kecskemethy1994,
author = {Kecskem\'{e}thy, Andr\'{e}s and Hiller, Manfred},
journal = {Computer Methods in Applied Mechanics and Engineering},
pages = {287 -- 314},
title = {{An object-oriented approach for an effective formulation multibody dynamics of}},
volume = {115},
year = {1994}
}
@inproceedings{Li2005a,
address = {Edmonton, Alta., Canada},
author = {Li, Yangmin and Xu, Qingsong},
booktitle = {Intelligent Robots and Systems, 2005. (IROS 2005). 2005 IEEE/RSJ International Conference on},
isbn = {VO -},
pages = {233--238},
publisher = {IEEE},
title = {{Dynamic analysis of a modified DELTA parallel robot for cardiopulmonary resuscitation}},
year = {2005}
}
@inproceedings{Sutherland2009,
address = {Austin, Estados Unidos},
author = {Sutherland, George},
booktitle = {Proceedings of the 2009 ASEE Annual Conference and Exposition},
title = {{Alternative Approach for Teaching Multibody Dynamics}},
year = {2009}
}
@article{Karnopp1997,
author = {Karnopp, Dean},
journal = {Journal of the Franklin Institute},
number = {4},
pages = {631--642},
title = {{Understanding multibody dynamics using bond graph representations}},
volume = {334},
year = {1997}
}
@article{McPhee2004,
author = {McPhee, John J. and Schmitke, Chad and Redmond, Scott M.},
isbn = {1387395041},
journal = {Mathematical and Computer Modelling of Dynamical Systems},
number = {1},
pages = {1--23},
title = {{Dynamic Modelling of Mechatronic Multibody Systems With Symbolic Computing and Linear Graph Theory}},
volume = {10},
year = {2004}
}
@article{Schwab2003,
author = {Schwab, Arend L. and Meijaard, J. P.},
journal = {Multibody System Dynamics},
number = {1},
pages = {107--123},
title = {{Dynamics of Flexible Multibody Systems with Non-Holonomic Constraints : A Finite Element Approach}},
volume = {10},
year = {2003}
}
@inproceedings{Park2013a,
address = {Seul},
author = {Park, Shi Baek and Kim, Han Sung and Song, Changyong and Kim, Kyunghwan},
booktitle = {Robotics (ISR), 2013 44th International Symposium on},
isbn = {VO -},
number = {Isr},
pages = {1--5},
title = {{Dynamics modeling of a Delta-type parallel robot}},
year = {2013}
}
@inproceedings{Ambrosio2004,
address = {Warsaw, Poland},
author = {Ambr\'{o}sio, Jorge A. C.},
booktitle = {21st International Congress of Theoretical and Applied Mechanics},
pages = {61 -- 88},
publisher = {IUTAM},
title = {{Multibody Dynamics: Bridging for Multidisciplinary Applications}},
year = {2004}
}
@article{Bailey1987,
author = {Bailey, C. D.},
journal = {Journal of Sound and Vibration},
number = {2},
pages = {378--393},
title = {{Some necessary background is presented in this first section. The discussion is restricted to systems that are subject to}},
volume = {118},
year = {1987}
}
@article{Aghili2003,
author = {Aghili, Farhad and Piedboeuf, Jean-Claude},
journal = {Multibody System Dynamics},
language = {English},
number = {1},
pages = {3--16},
publisher = {Kluwer Academic Publishers},
title = {{Simulation of Motion of Constrained Multibody Systems Based on Projection Operator}},
volume = {10},
year = {2003}
}
@book{Siekmann2008,
address = {Berlin},
author = {Siekmann, J. and Wahlster, W.},
booktitle = {New York},
editor = {Xie, Ming and Xiong, Youlun and Xiong, Caihua and Liu, Honghai and Hu, Zhencheng},
isbn = {9783642254857},
pages = {812--823},
publisher = {Springer Berlin Heidelberg},
series = {Lecture Notes in Computer Science},
title = {{Intelligent Robotics and Applications}},
volume = {5928},
year = {2008}
}
@inproceedings{Featherstone2000a,
address = {San Francisco},
author = {Featherstone, Roy and Orin, D.},
booktitle = {Proceedings 2000 ICRA. Millennium Conference. IEEE International Conference on Robotics and Automation. Symposia Proceedings (Cat. No.00CH37065)},
publisher = {IEEE},
title = {{Robot dynamics: equations and algorithms}},
volume = {1},
year = {2000}
}
@article{Richard2012,
author = {Richard, Marc J. and Bouazara, M.},
journal = {Advances in Mechanical Engineering},
pages = {1--12},
title = {{Graph-Theoretic Approach for the Dynamic Simulation of Flexible Multibody Systems}},
volume = {2012},
year = {2012}
}
@article{Guida2014,
author = {Guida, Domenico and Pappalardo, Carmine M.},
journal = {Meccanica},
number = {7},
pages = {1547--1559},
title = {{Forward and inverse dynamics of nonholonomic mechanical systems}},
volume = {49},
year = {2014}
}
@article{Ascher1995,
author = {Ascher, Uri M. and Chin, Hongsheng and Petzold, Linda R. and Reich, Sebastian},
journal = {Mechanics of Structures and Machines},
number = {2},
pages = {135--157},
publisher = {Taylor \& Francis},
title = {{Stabilization of Constrained Mechanical Systems with DAEs and Invariant Manifolds}},
volume = {23},
year = {1995}
}
@article{Paul1975,
author = {Paul, B.},
journal = {Mechanism and Machine Theory},
pages = {481--507},
title = {{Analytical Dynamics of Mechanisms - A Computer Oriented Overview}},
volume = {10},
year = {1975}
}
@article{Bayo1988,
author = {Bayo, Eduardo and de Jal\'{o}n, J. Garc\'{\i}a and Serna, Miguel Angel},
journal = {Computer Methods in Applied Mechanics and Engineering},
number = {2},
pages = {183--195},
title = {{A modified lagrangian formulation for the dynamic analysis of constrained mechanical systems}},
volume = {71},
year = {1988}
}
@article{Jarzebowska2005,
author = {Jarzebowska, Elzbieta M.},
journal = {Nonlinear Analysis: Theory, Methods \& Applications},
number = {5-7},
pages = {e185--e197},
title = {{Dynamics modeling of nonholonomic mechanical systems: Theory and applications}},
volume = {63},
year = {2005}
}
@article{Karnopp1978,
author = {Karnopp, Dean},
journal = {Journal of the Franklin Institute},
number = {2},
pages = {165--181},
title = {{The energetic structure of multi-body dynamic systems}},
volume = {306},
year = {1978}
}
@article{Udwadia2006,
author = {Udwadia, Firdaus E. and Phohomsiri, Phailaung},
journal = {Proceedings of the Royal Society A: Mathematical, Physical and Engineering Sciences},
number = {2071},
pages = {2097--2117},
title = {{Explicit equations of motion for constrained mechanical systems with singular mass matrices and applications to multi-body dynamics}},
volume = {462},
year = {2006}
}
@inproceedings{Featherstone2000,
address = {Cambridge},
author = {Featherstone, Roy},
booktitle = {Proceedings of A Symposium Comemorating the Legacy, Works and Life of Sir Robert Stawell Ball upon the 100th Anniversary of A treatise on the Theory of Screws},
pages = {1--13},
title = {{On the Limits to Invariance in the Twist / Wrench and Motor Representations of Motion and Force Vectors}},
year = {2000}
}
@article{Critchley2003,
author = {Critchley, J. H. and Anderson, Kurt S.},
journal = {International Journal for Multiscale Computational Engineering},
number = {2-3},
pages = {181--200},
title = {{
				A Generalized Recursive Coordinate Reduction Method for Multibody System Dynamics     
			  }},
volume = {1},
year = {2003}
}
@article{Poincare1901,
author = {Poincar\'{e}, Henri},
journal = {Comptes Rendus de l'Acad\'{e}mie des Sciences},
number = {3},
pages = {369--371},
title = {{Sur une forme nouvelle des \'{e}quations de la m\'{e}chanique}},
volume = {132},
year = {1901}
}
@article{Shi2000a,
author = {Shi, Pengfei and McPhee, John J.},
journal = {Multibody System Dynamics},
language = {English},
number = {4},
pages = {355--381},
publisher = {Kluwer Academic Publishers},
title = {{Dynamics of Flexible Multibody Systems Using Virtual Work and Linear Graph Theory}},
volume = {4},
year = {2000}
}
@article{Jarzebowska2008,
author = {Jarzebowska, Elzbieta M.},
journal = {IEEE Transactions on Robotics},
number = {6},
pages = {1315--1328},
title = {{Advanced Programmed Motion Tracking Control of Nonholonomic Mechanical Systems}},
volume = {24},
year = {2008}
}
@article{Staicu2013,
author = {Staicu, Stefan},
journal = {UPB Scientific Bulletin, Series D},
number = {1},
pages = {3--12},
title = {{Calculus of Joint Forces in Dynamics of a Planar Parallel Robot}},
volume = {75},
year = {2013}
}
@book{Mantegazza2012,
address = {Milano},
author = {Mantegazza, Paolo and Masarati, Pierangelo},
pages = {38},
publisher = {Politecnico di Milano},
title = {{Analysis of Systems of Differential-Algebraic Equations (DAE)}},
year = {2012}
}
@incollection{Nikravesh2005,
author = {Nikravesh, P. E.},
booktitle = {Product Engineering SE - 13},
editor = {Talabă, Doru and Roche, Thomas},
isbn = {978-1-4020-2932-5},
language = {English},
pages = {189--226},
publisher = {Springer Netherlands},
title = {{An Overview of Several Formulations for Multibody Dynamics}},
year = {2005}
}
@article{Udwadia2005a,
author = {Udwadia, Firdaus E.},
journal = {Journal of Optimization Theory and Applications},
number = {3},
pages = {627--638},
title = {{Equations of Motion for Constrained Multibody Systems and their Control}},
volume = {127},
year = {2005}
}
@article{Pesce2003,
author = {Pesce, Celso Pupo},
journal = {Journal of Applied Mechanics},
number = {5},
pages = {751--756},
title = {{The Application of Lagrange Equations to Mechanical Systems With Mass Explicitly Dependent on Position}},
volume = {70},
year = {2003}
}
@article{Udwadia2005,
author = {Udwadia, Firdaus E.},
journal = {Applied Mathematics and Computation},
number = {2},
pages = {313--320},
title = {{On constrained motion}},
volume = {164},
year = {2005}
}
@article{Udwadia2007a,
author = {Udwadia, Firdaus E. and Phohomsiri, Phailaung},
journal = {Proceedings of the Royal Society A: Mathematical, Physical and Engineering Sciences},
number = {2082},
pages = {1421--1434},
title = {{Explicit Poincar\'{e} equations of motion for general constrained systems. Part I. Analytical results}},
volume = {463},
year = {2007}
}
@phdthesis{Lee2005,
author = {Lee, Kwang Hyun},
number = {1998},
pages = {55},
school = {Massachusetts Institute of Technology},
title = {{Responses of Floating Wind Turbines to Wind and Wave Excitation}},
year = {2005}
}
@article{Kirgetov1964a,
author = {Kirgetov, V. I.},
journal = {Journal of Applied Mathematics and Mechanics},
number = {2},
pages = {285--296},
title = {{On the equations of motion of controlled mechanical systems}},
volume = {28},
year = {1964}
}
@article{Featherstone2010,
author = {Featherstone, Roy},
journal = {IEEE Robotics and Automation Magazine},
number = {4},
pages = {88--99},
title = {{A beginner's guide to 6-D vectors (part 2): From equations to software}},
volume = {17},
year = {2010}
}
@article{Schiehlen2007,
author = {Schiehlen, Werner},
journal = {Multibody System Dynamics},
language = {English},
number = {1},
pages = {3--13},
publisher = {Kluwer Academic Publishers},
title = {{Research trends in multibody system dynamics}},
volume = {18},
year = {2007}
}
@inproceedings{Mitiguy2002,
address = {Fukushima, Jap\~{a}o},
author = {Mitiguy, Paul C. and Banerjee, Arun K.},
booktitle = {Proceedings of the Asian Conference on Multibody Dynamics},
pages = {606 -- 608},
publisher = {JSME},
title = {{A constraint force algorithm for formulating equations of motion}},
year = {2002}
}
@article{Shi2001,
author = {Shi, P and McPhee, J and Heppler, G R},
journal = {Multibody System Dynamics},
language = {English},
number = {1},
pages = {79--104},
publisher = {Kluwer Academic Publishers},
title = {{A Deformation Field for Euler–Bernoulli Beams with Applications to Flexible Multibody Dynamics}},
volume = {5},
year = {2001}
}
@article{Hu2012,
author = {Hu, Quan and Jia, Yinghong and Xu, Shijie},
journal = {Acta Astronautica},
number = {1},
pages = {380--389},
publisher = {Elsevier},
title = {{A new computer-oriented approach with efficient variables for multibody dynamics with motion constraints}},
volume = {81},
year = {2012}
}
@article{Bauchau2001a,
author = {Bauchau, Olivier A. and Bottasso, Carlo L. and Nikishkov, Y. G.},
journal = {Mathematical and Computer Modelling},
number = {10–11},
pages = {1113--1137},
title = {{Modeling rotorcraft dynamics with finite element multibody procedures}},
volume = {33},
year = {2001}
}
@inproceedings{Merlet2002,
address = {Montreal, Canad\'{a}},
author = {Merlet, Jean-Pierre},
booktitle = {ASME 27th Biennial Mechanisms and Robotics Conference},
pages = {95--99},
title = {{Still a long way to go on the road for parallel mechanisms.}},
year = {2002}
}
@article{McPhee2006,
author = {McPhee, John J. and Redmond, Scott M.},
journal = {Computer Methods in Applied Mechanics and Engineering},
number = {50-51},
pages = {6942--6957},
title = {{Modelling multibody systems with indirect coordinates}},
volume = {195},
year = {2006}
}
@article{Leger2007,
author = {L\'{e}ger, Mathieu and McPhee, John J.},
isbn = {1104400790},
journal = {Multibody System Dynamics},
number = {2},
pages = {277--297},
title = {{Selection of modeling coordinates for forward dynamic multibody simulations}},
volume = {18},
year = {2007}
}
@article{Bloch2009,
author = {Bloch, Anthony M. and Marsden, Jerrold E. and Zenkov, Dmitry V.},
journal = {Dynamical Systems},
number = {2},
pages = {187--222},
title = {{Quasivelocities and symmetries in non-holonomic systems}},
volume = {24},
year = {2009}
}
@article{Aggarwal1999,
author = {Aggarwal, J. K. and Cai, Q.},
journal = {Computer Vision and Image Understanding},
number = {3},
pages = {428--440},
title = {{Human Motion Analysis : A Review}},
volume = {73},
year = {1999}
}
@article{Martins2011,
author = {Martins, Flavius Portella Ribas and Trigo, Fl\'{a}vio Celso and Fleury, Agenor de Toledo},
journal = {International Journal of Mechanical Engineering Education},
number = {1},
pages = {68--77},
title = {{On the Euler and Lagrange's points of view in rigid body mechanics}},
volume = {39},
year = {2011}
}
@article{Schwab2013,
author = {Schwab, Arend L. and de Lange, P. D. L. and Happee, R. and Moore, J. K.},
journal = {Proceedings of the Institution of Mechanical Engineers, Part K: Journal of Multi-body Dynamics},
number = {4},
pages = {390--406},
title = {{Rider control identification in bicycling using lateral force perturbation tests}},
volume = {227},
year = {2013}
}
@inproceedings{Angel2013,
address = {Shenzhen, China},
author = {Angel, L. and Berm\'{u}dez, J. and Mu\~{n}oz, O.},
booktitle = {Proceeding of the IEEE International Conference on Robotics and Biomimetics (ROBIO)},
isbn = {9781479927449},
number = {December},
pages = {444--449},
title = {{Dynamic Optimization and Building of a Parallel Delta-Type Robot}},
year = {2013}
}
@article{Byachkov2002,
author = {Byachkov, A. B. and Suslonov, V. M.},
journal = {Regular and Chaotic Dynamics},
number = {3},
pages = {269--279},
title = {{Maggi’s equations in terms of quasi-coordinates}},
volume = {7},
year = {2002}
}
@article{Appell1900,
author = {Appell, Paul},
journal = {Journal f\"{u}r die reine und angewandte Mathematik},
pages = {310--319},
title = {{Sur une forme g\'{e}n\'{e}rale des \'{e}quations de la dynamique}},
volume = {121},
year = {1900}
}
@article{Jarzebowska2009,
author = {Jarzebowska, Elzbieta M.},
journal = {Nonlinear Analysis: Theory, Methods \& Applications},
number = {12},
pages = {e118--e131},
title = {{Quasi-coordinates based dynamics modeling and control design for nonholonomic systems}},
volume = {71},
year = {2009}
}
@article{Mitiguy1996,
author = {Mitiguy, Paul C. and Kane, Thomas R.},
journal = {The International Journal of Robotics Research},
number = {5},
pages = {522--532},
title = {{Motion Variables Leading to Efficient Equations of Motion}},
volume = {15},
year = {1996}
}
@article{Coelho2004a,
author = {Hess-Coelho, Tarcisio Antonio and Yong, Liang and Alves, Valter F. A.},
journal = {Mechanism and Machine Theory},
number = {8},
pages = {871--881},
title = {{Decoupling of dynamic equations by means of adaptive balancing of 2-dof open-loop mechanisms}},
volume = {39},
year = {2004}
}
@article{Kooijman2011,
author = {Kooijman, J. D. G. and Meijaard, J. P. and Papadopoulos, Jim M. and Ruina, Andy and Schwab, Arend L.},
institution = {Department of Mechanical Engineering, Delft University of Technology, Delft 2628 CD, Netherlands.},
journal = {Science (New York, N.Y.)},
number = {6027},
pages = {339--342},
title = {{A bicycle can be self-stable without gyroscopic or caster effects}},
volume = {332},
year = {2011}
}
@article{He1999,
author = {He, Ji-Huan},
journal = {International Journal of Non-Linear Mechanics},
number = {4},
pages = {699--708},
title = {{Variational iteration method – a kind of non-linear analytical technique: some examples}},
volume = {34},
year = {1999}
}
@book{Jintanawan2005,
author = {Jintanawan, Thitima},
title = {{2103-617 Advanced Dynamics}},
year = {2005}
}
@article{Udwadia2006a,
author = {Udwadia, Firdaus E.},
journal = {Journal of the Brazilian Society of Mechanical Science and Engineering},
number = {3},
pages = {311--315},
title = {{Recent Advances in Multi-body Dynamics and Nonlinear Control}},
volume = {XXVIII},
year = {2006}
}
@article{Staicu2008,
author = {Staicu, Stefan and Zhang, Dan},
journal = {Robotics and Computer-Integrated Manufacturing},
number = {1},
pages = {167--172},
title = {{A novel dynamic modelling approach for parallel mechanisms analysis}},
volume = {24},
year = {2008}
}
@article{Khan2005,
author = {Khan, Waseem Ahmad and Krovi, Venkat N. and Saha, Subir Kumar and Angeles, Jorge},
journal = {Multibody System Dynamics},
language = {English},
number = {3-4},
pages = {419--455},
publisher = {Kluwer Academic Publishers},
title = {{Modular and Recursive Kinematics and Dynamics for Parallel Manipulators}},
volume = {14},
year = {2005}
}
@article{Staicu2006,
author = {Staicu, Stefan and Zhang, Dan and Rugescu, Radu},
journal = {Robotica},
number = {01},
pages = {125--130},
title = {{Dynamic modelling of a 3-DOF parallel manipulator using recursive matrix relations}},
volume = {24},
year = {2006}
}
@article{Kane1983,
author = {Kane, Thomas R. and Levinson, David A.},
journal = {The International Journal of Robotics Research},
number = {3},
pages = {3--21},
title = {{The Use of Kane's Dynamical Equations in Robotics}},
volume = {2},
year = {1983}
}
@article{Miller2004,
author = {Miller, K.},
journal = {The International Journal of Robotics Research},
number = {2},
pages = {127--140},
title = {{Optimal design and modeling of spatial parallel manipulators}},
volume = {23},
year = {2004}
}
@article{Udwadia1992,
author = {Udwadia, Firdaus E. and Kalaba, R. E.},
journal = {Proceedings: Mathematical and Physical Sciences},
number = {1906},
pages = {407--410},
title = {{A new perspective on constrained motion}},
volume = {439},
year = {1992}
}
@inproceedings{Staicu2007,
address = {Besan\c{c}on, Fran\c{c}a},
author = {Staicu, Stefan},
booktitle = {Proceedings of the 12th IFToMM World Congress in Mechanism and Machine Science},
pages = {94--99},
title = {{Dynamics of a 3-RRR Spherical Parallel Mechanism Based on Principle of Virtual Powers}},
year = {2007}
}
@article{Meijaard2007,
author = {Meijaard, J. P. and Papadopoulos, Jim M. and Ruina, Andy and Schwab, Arend L.},
journal = {Proceedings of the Royal Society A: Mathematical, Physical and Engineering Sciences},
number = {2084},
pages = {1955--1982},
title = {{Linearized dynamics equations for the balance and steer of a bicycle: a benchmark and review}},
volume = {463},
year = {2007}
}
@article{Tian2009,
author = {Tian, Qiang and Chen, Li Ping and Zhang, Yun Qing and Yang, Jingzhou},
journal = {Journal of Computational and Nonlinear Dynamics},
number = {2},
pages = {21009},
title = {{An Efficient Hybrid Method for Multibody Dynamics Simulation Based on Absolute Nodal Coordinate Formulation}},
volume = {4},
year = {2009}
}
@article{Udwadia2002a,
author = {Udwadia, Firdaus E. and Kalaba, R. E.},
journal = {Journal of Applied Mechanics},
number = {3},
pages = {335},
title = {{What is the General Form of the Explicit Equations of Motion for Constrained Mechanical Systems?}},
volume = {69},
year = {2002}
}
@article{McPhee1998,
author = {McPhee, John J.},
journal = {Mechanism and Machine Theory},
number = {6},
pages = {805--823},
title = {{Automatic generation of motion equations for planar mechanical systems using the new set of “branch coordinates”}},
volume = {33},
year = {1998}
}
@article{Khan2005a,
author = {Khan, Waseem Ahmad and Krovi, V. N. and Saha, Subir Kumar and Angeles, Jorge},
journal = {Multibody System Dynamics},
number = {3-4},
pages = {419--455},
title = {{Modular and recursive kinematics and dynamics for parallel manipulators}},
volume = {14},
year = {2005}
}
@article{Jarzebowska2006b,
author = {Jarzebowska, Elzbieta M.},
journal = {Communications in Nonlinear Science and Numerical Simulation},
number = {5},
pages = {606--623},
title = {{Model-based control strategies for systems with constraints of the program type}},
volume = {11},
year = {2006}
}
@article{Orsino2013,
author = {Orsino, Renato Maia Matarazzo and Hess-Coelho, Tarcisio Antonio},
journal = {International Journal of Mechanisms and Robotic Systems},
number = {1},
pages = {15--34},
title = {{A contribution for developing more efficient dynamic modelling algorithms of parallel robots}},
volume = {1},
year = {2013}
}
@article{Liu2006,
author = {Liu, Xin J. and Wang, Jinsong and Pritschow, G.},
journal = {Mechanism and Machine Theory},
number = {9},
pages = {1111--1130},
title = {{On the optimal kinematic design of the PRRRP 2-DoF parallel mechanism}},
volume = {41},
year = {2006}
}
@phdthesis{Morency2007,
author = {Morency, Kevin Warren},
pages = {138},
school = {University of Waterloo},
title = {{Automatic Generation of Real-Time Simulation Code for Vehicle Dynamics using Linear Graph Theory and Symbolic Computing}},
year = {2007}
}
@article{DeJalon1986a,
author = {de Jal\'{o}n, J. Garc\'{\i}a and Unda, J. and Avello, A.},
journal = {Computer Methods in Applied Mechanics and Engineering},
number = {3},
pages = {309--327},
title = {{Natural coordinates for the computer analysis of multibody systems}},
volume = {56},
year = {1986}
}
@article{Kooijman2011a,
author = {Kooijman, J. D. G. and Meijaard, J. P. and Papadopoulos, Jim M. and Ruina, Andy and Schwab, Arend L.},
institution = {Department of Mechanical Engineering, Delft University of Technology, Delft 2628 CD, Netherlands.},
journal = {Science (New York, N.Y.)},
number = {6027},
pages = {339--342},
title = {{A bicycle can be self-stable without gyroscopic or caster effects}},
volume = {332},
year = {2011}
}
@article{Khalil2007,
author = {Khalil, Wisama and Ibrahim, Ouarda},
journal = {Journal of Intelligent and Robotic Systems},
pages = {19--37},
title = {{General Solution for the Dynamic Modeling of Parallel Robots}},
volume = {49},
year = {2007}
}
@article{Featherstone2004,
author = {Featherstone, Roy},
journal = {The International Journal of Robotics Research},
number = {9},
pages = {859--871},
title = {{An Empirical Study of the Joint Space Inertia Matrix}},
volume = {23},
year = {2004}
}
@article{Jarzebowska2006a,
author = {Jarzebowska, Elzbieta M.},
journal = {Robotica},
number = {05},
pages = {591},
title = {{Tracking control design for underactuated constrained systems}},
volume = {24},
year = {2006}
}
@article{Udwadia2010,
author = {Udwadia, Firdaus E. and Schutte, Aaron D.},
journal = {Acta Mechanica},
number = {1-2},
pages = {111--129},
title = {{Equations of motion for general constrained systems in Lagrangian mechanics}},
volume = {213},
year = {2010}
}
@article{Levinson1977,
author = {Levinson, David A.},
journal = {Journal of Spacecraft and Rockets},
number = {8},
pages = {479--487},
publisher = {American Institute of Aeronautics and Astronautics},
title = {{Equations of Motion for Multiple-Rigid-Body Systems via Symbolic Manipulation}},
volume = {14},
year = {1977}
}
@article{Schiehlen1997,
author = {Schiehlen, Werner},
journal = {Multibody System Dynamics},
number = {2},
pages = {149--188},
title = {{Multibody System Dynamics: Roots and Perspectives}},
volume = {1},
year = {1997}
}
@article{Udwadia2001,
author = {Udwadia, Firdaus E. and Kalaba, R. E.},
journal = {Journal of Applied Mechanics},
number = {3},
pages = {462},
title = {{Explicit Equations of Motion for Mechanical Systems With Nonideal Constraints}},
volume = {68},
year = {2001}
}
@article{Cuadrado1997,
author = {Cuadrado, J. and Cardenal, J. and Bayo, Eduardo},
journal = {Multibody System Dynamics},
language = {English},
number = {3},
pages = {259--280},
publisher = {Kluwer Academic Publishers},
title = {{Modeling and Solution Methods for Efficient Real-Time Simulation of Multibody Dynamics}},
volume = {1},
year = {1997}
}
@article{Jarzebowska2007,
author = {Jarzebowska, Elzbieta M.},
journal = {Mathematical Problems in Engineering},
pages = {1--20},
title = {{Stabilizability and Motion Tracking Conditions for Mechanical Nonholonomic Control Systems}},
volume = {2007},
year = {2007}
}
@article{Udwadia1998,
author = {Udwadia, Firdaus E. and Kalaba, R. E.},
journal = {Quarterly of Applied Mathematics},
number = {2},
pages = {277--288},
title = {{The explicit Gibbs-Appell equations and generalized inverse forms}},
volume = {56},
year = {1998}
}
@article{Jarzebowska2002,
author = {Jarzebowska, Elzbieta M.},
journal = {Multibody System Dynamics},
pages = {307--329},
title = {{On Derivation of Motion Equations for Systems with Non-Holonomic High-Order Program Constraints}},
volume = {7},
year = {2002}
}
@article{Favre1998,
author = {Favre, Wilfrid and Scavarda, Serge},
journal = {Journal of the Franklin Institute},
number = {4},
pages = {643--660},
title = {{Bond graph representation of multibody systems with kinematic loops}},
volume = {335},
year = {1998}
}
@article{Staicu2008a,
author = {Staicu, Stefan},
isbn = {0263574708004},
journal = {Robotica},
number = {02},
pages = {199--207},
title = {{Recursive modelling in dynamics of Delta parallel robot}},
volume = {27},
year = {2008}
}
@article{Zhao2008,
author = {Zhao, Jing-Shan and Chu, Fulei and Feng, Zhi Jing},
journal = {Mechanism and Machine Theory},
number = {4},
pages = {427--444},
title = {{Symmetrical characteristics of the workspace for spatial parallel mechanisms with symmetric structure}},
volume = {43},
year = {2008}
}
@article{Papastavridis1987,
author = {Papastavridis, John G.},
journal = {Journal of Sound and Vibration},
number = {2},
pages = {378--393},
title = {{The variational principles of mechanics, and a reply to C. D. Bailey}},
volume = {118},
year = {1987}
}
@article{Maugin2013,
author = {Maugin, G\'{e}rard A.},
journal = {Continuum Mechanics and Thermodynamics},
language = {English},
number = {2-4},
pages = {127--146},
publisher = {Springer-Verlag},
title = {{The principle of virtual power: from eliminating metaphysical forces to providing an efficient modelling tool}},
volume = {25},
year = {2013}
}
@article{Cameron1997,
author = {Cameron, J. M. and Book, W. J.},
journal = {The International Journal of Robotics Research},
number = {1},
pages = {47--59},
title = {{Modeling mechanisms with nonholonomic joints using the Boltzmann-Hamel equations}},
volume = {16},
year = {1997}
}
@article{Farhat2009,
author = {Farhat, Nidal and Mata, Vicente and Page, \'{A}lvaro and D\'{\i}az-Rodr\'{\i}guez, Miguel},
isbn = {0263574709},
journal = {Robotica},
number = {01},
pages = {35},
title = {{Dynamic simulation of a parallel robot: Coulomb friction and stick–slip in robot joints}},
volume = {28},
year = {2009}
}
@article{Forner-Cordero,
author = {Forner-Cordero, Arturo and Rossi, Luis Filipe and Almeida, Rynaldo Z. H. and Hess-Coelho, Tarcisio Antonio},
title = {{Development of a robotic platform for the upper limb rehabilitation: preliminary results}}
}
@article{Parsa2007,
author = {Parsa, Kourosh},
journal = {Transactions of the CSME},
number = {4},
pages = {407--420},
title = {{The Lagrangian derivation of Kane's equations}},
volume = {31},
year = {2007}
}
@article{Kane1983b,
annote = {10.1177/027836498300200301 },
author = {Kane, Thomas R. and Levinson, David A.},
journal = {The International Journal of Robotics Research},
number = {3},
pages = {3--21},
title = {{The Use of Kane's Dynamical Equations in Robotics}},
volume = {2},
year = {1983}
}
@inproceedings{Muller2011,
address = {Guanajuato, M\'{e}xico},
author = {Muller, A.},
booktitle = {13th World Congress in Mechanism and Machine Science},
pages = {1--8},
title = {{A Robust Inverse Dynamics Formulation for Redundantly Actuated PKM}},
year = {2011}
}
@article{Shabana1997,
author = {Shabana, Ahmed A.},
journal = {Multibody System Dynamics},
number = {2},
pages = {189--222},
title = {{Flexible Multibody Dynamics : Review of Past and Recent Developments}},
volume = {1},
year = {1997}
}
@incollection{Zlatanov2004,
address = {Norwell, Estados Unidos},
author = {Zlatanov, Dimiter and Zoppi, Matteo and Gosselin, Cl\'{e}ment M.},
booktitle = {On Advances in Robot Kinematics},
isbn = {1402022484},
pages = {105--112},
publisher = {Kluwer Academic Publishers},
title = {{Singularities and Mobility of a class of 4-dof mechanisms}},
year = {2004}
}
@article{Karnopp1992a,
author = {Karnopp, Dean},
journal = {Journal of the Franklin Institute},
number = {1},
pages = {65--75},
title = {{An approach to derivative causality in bond graph models of mechanical systems}},
volume = {329},
year = {1992}
}
@article{Gillespie2003,
author = {Gillespie, R. Brent and Arbor, Ann},
journal = {The Electronic Journal of Haptics Research},
number = {2},
pages = {1 -- 20},
title = {{Kane's Equations for Haptics Display of Multibody Systems}},
volume = {3},
year = {2003}
}
@article{Park1999,
author = {Park, Frank Chongwoo and Choi, Jihyeon and Ploen, S. R.},
journal = {Mechanism and Machine Theory},
number = {5},
pages = {731--751},
publisher = {Elsevier Science Ltd},
title = {{Symbolic formulation of closed chain dynamics in independent coordinates}},
volume = {34},
year = {1999}
}
@article{Udwadia2000,
author = {Udwadia, Firdaus E. and Kalaba, R. E.},
journal = {Journal of Aerospace Engineering},
number = {1},
pages = {17 -- 22},
title = {{Nonideal constraints and Lagrangian dynamics}},
volume = {13},
year = {2000}
}
@inproceedings{Almeida2013,
address = {Buzios, Brasil},
author = {Almeida, Rynaldo Z. H. and Hess-Coelho, Tarcisio Antonio},
booktitle = {Proceedings of the XV International Symposium on Dynamic Problems of Mechanics},
editor = {Savi, M. A.},
pages = {1--7},
title = {{Dynamic model simplification of an asymmetric parallel robot for the development of real time control system}},
year = {2013}
}
@article{Seraji1989,
author = {Seraji, Homayoun},
journal = {IEEE Transactions on Robotics and Automation},
number = {4},
pages = {472--490},
title = {{Configuration Control of Redundant Manipulators : Theory and Implementation}},
volume = {5},
year = {1989}
}
@article{DeJalon2011,
author = {de Jal\'{o}n, J. Garc\'{\i}a and Callejo, A.},
journal = {Mechanism and Machine Theory},
number = {2},
pages = {168--182},
publisher = {Elsevier Ltd},
title = {{A straight methodology to include multibody dynamics in graduate and undergraduate subjects}},
volume = {46},
year = {2011}
}
@article{Margolis1980a,
author = {Margolis, Donald L.},
journal = {Journal of the Franklin Institute},
number = {2},
pages = {107--117},
title = {{An Algorithm for Incorporating Subsystem Models into Overall Dynamic System Models}},
volume = {310},
year = {1980}
}
@article{Bauchau2003,
author = {Bauchau, Olivier A. and Bottasso, Carlo L. and Trainelli, Lorenzo},
isbn = {1404894276},
journal = {Computer Methods in Applied Mechanics and Engineering},
number = {3-4},
pages = {395--420},
title = {{Robust integration schemes for flexible multibody systems}},
volume = {192},
year = {2003}
}
@article{Kane1983a,
author = {Kane, Thomas R. and Levinson, David A.},
journal = {Journal of Applied Mechanics},
number = {4b},
pages = {1071--1078},
title = {{Multibody Dynamics}},
volume = {50},
year = {1983}
}
@inproceedings{Meijaard2006,
address = {Lisboa},
author = {Meijaard, J. P. and Schwab, Arend L.},
booktitle = {III European Conference on Computational \ldots},
editor = {Soares, C. A. Mota},
number = {June},
pages = {5--9},
title = {{Linearized equations for an extended bicycle model}},
year = {2006}
}
@incollection{Richard2012a,
author = {Richard, Marc J.},
booktitle = {New Frontiers in Graph Theory},
chapter = {17},
editor = {Zhang, Yagang},
pages = {349--372},
publisher = {InTech},
title = {{Simulation of Flexible Multibody Systems Using Linear Graph Theory}},
year = {2012}
}
@article{Coelho2004,
author = {Hess-Coelho, Tarcisio Antonio and Yong, Liang and Alves, Valter F. A.},
journal = {Latin American Journal of Solids and Structures},
number = {March},
pages = {219--232},
title = {{Improvements in the dynamic behaviour of two degree-of-freedom planar open-loop mechanisms}},
volume = {1},
year = {2004}
}
@article{Walker1974,
author = {Walker, J. A.},
journal = {Journal of Mathematical Analysis and Applications},
number = {1},
pages = {15--31},
title = {{Lagrange’s Equation for Continua}},
volume = {47},
year = {1974}
}
@article{Featherstone2010a,
author = {Featherstone, Roy},
journal = {IEEE Robotics and Automation Magazine},
number = {3},
pages = {83--94},
title = {{A Beginners guide to 6-D vectors (part 1)}},
volume = {17},
year = {2010}
}
@article{Bauchau2008,
author = {Bauchau, Olivier A. and Laulusa, André},
journal = {Journal of Computational and Nonlinear Dynamics},
number = {1},
pages = {011005},
title = {{Review of Contemporary Approaches for Constraint Enforcement in Multibody Systems}},
volume = {3},
year = {2008}
}
@article{Papastavridis1988,
author = {Papastavridis, John G.},
journal = {International Journal of Engineering Science},
number = {6},
pages = {609--625},
title = {{On the nonlinear Appell's equations and the determination of generalized reaction forces}},
volume = {26},
year = {1988}
}
@article{Seliger1968,
author = {Seliger, R. L. and Whitham, G. B.},
journal = {Proceedings of the Royal Society A: Mathematical, Physical and Engineering Sciences},
number = {1480},
pages = {1--25},
title = {{Variational Principles in Continuum Mechanics}},
volume = {305},
year = {1968}
}
@article{Han2002,
author = {Han, Chanhee and Kim, Jinwook and Kim, Jongwon and Park, Frank Chongwoo},
journal = {Mechanism and Machine Theory},
number = {8},
pages = {787--798},
title = {{Kinematic sensitivity analysis of the 3-UPU parallel mechanism}},
volume = {37},
year = {2002}
}
@article{Zoppi2003,
author = {Zoppi, Matteo and Bruzzone, Luca E. and Molfino, Rezia M. and Michelini, Rinaldo C.},
journal = {Journal of Mechanical Design},
number = {3},
pages = {557},
title = {{Constraint Singularities of Force Transmission in Nonredundant Parallel Robots With Less Than Six Degrees of Freedom}},
volume = {125},
year = {2003}
}
@article{Fijany2012,
author = {Fijany, Amir and Featherstone, Roy},
journal = {Multibody System Dynamics},
number = {2},
pages = {169--187},
title = {{A new factorization of the mass matrix for optimal serial and parallel calculation of multibody dynamics}},
volume = {29},
year = {2012}
}
@incollection{Buffinton2005,
author = {Buffinton, Keith W.},
booktitle = {Robotics and automation handbook},
pages = {90 -- 120},
title = {{Kane's Method in Robotics}},
year = {2005}
}
@article{Gibbs1879,
author = {Gibbs, J. W.},
journal = {American Journal of Mathematics},
number = {1},
pages = {49--64},
title = {{On the Fundamental Formulae of Dynamics}},
volume = {2},
year = {1879}
}
@article{Zhou2004,
author = {Zhou, Kai and Mao, De-Zhu and Zhao, Jing-Shan and Fang, Yuefa and Gao, Yun-Feng},
journal = {The International Journal of Advanced Manufacturing Technology},
number = {3-4},
pages = {288--294},
title = {{A new method to study the degree of freedom of spatial parallel mechanisms}},
volume = {23},
year = {2004}
}
@article{Hajzman2007,
author = {Hajzman, M. and Polach, P.},
journal = {Applied and Computational Mechanics},
pages = {479--488},
title = {{Application of stabilization techniques in the dynamic analysis of multibody systems}},
volume = {1},
year = {2007}
}
@article{Schiehlen2006,
author = {Schiehlen, Werner and Guse, Nils and Seifried, Robert},
journal = {Computer Methods in Applied Mechanics and Engineering},
number = {41–43},
pages = {5509--5522},
title = {{Multibody dynamics in computational mechanics and engineering applications}},
volume = {195},
year = {2006}
}
@inproceedings{Jarzebowska2011,
address = {San Francisco},
author = {Jarzebowska, Elzbieta M.},
booktitle = {Proceedings of the 2011 American Control Conference},
isbn = {9781457700798},
organization = {Warsaw University of Technology, Institute of Aeronautics and Applied Mechanics, 00-665, Nowowiejska 24 str., POLAND},
pages = {1714--1719},
publisher = {Ieee},
title = {{A unified control architecture for navigation of nonholonomic systems}},
year = {2011}
}
@inproceedings{Pennestrini2004,
address = {Pitesti, Rom\^{e}nia},
author = {Pennestrini, E. and Valentini, P. P.},
booktitle = {Conference on Multibody System Dynamics},
pages = {1--17},
title = {{Coordinate reduction strategies in multibody dynamics: a review}},
year = {2004}
}
@article{Baumgarte1972,
author = {Baumgarte, J.},
journal = {Computer Methods in Applied Mechanics and Engineering},
number = {1},
pages = {1--16},
title = {{Stabilization of constraints and integrals of motion in dynamical systems}},
volume = {1},
year = {1972}
}
@article{Orsino2014,
author = {Orsino, Renato Maia Matarazzo and Hess-Coelho, Tarcisio Antonio and Pesce, Celso Pupo},
journal = {Robotica},
number = {March},
pages = {1--21},
title = {{Analytical mechanics approaches in the dynamic modelling of Delta mechanism}},
volume = {FirstView},
year = {2014}
}
@article{Cardona1991,
author = {Cardona, A. and Geradin, M. and Doan, D. B.},
journal = {Computer Methods in Applied Mechanics and Engineering},
number = {1–3},
pages = {395--418},
title = {{Rigid and flexible joint modelling in multibody dynamics using finite elements}},
volume = {89},
year = {1991}
}
@article{Appell1900a,
author = {Appell, Paul},
journal = {Journal f\"{u}r die reine und angewandte Mathematik},
pages = {205 -- 208},
title = {{Sur une forme g\'{e}n\'{e}rale des \'{e}quations de la dynamique et sur le principe de Gauss}},
volume = {122},
year = {1900}
}
@article{Udwadia2002,
author = {Udwadia, Firdaus E. and Kalaba, R. E.},
journal = {International Journal of Non-Linear Mechanics},
number = {6},
pages = {1079--1090},
title = {{On the foundations of analytical dynamics}},
volume = {37},
year = {2002}
}
@article{Jarzebowska2006,
author = {Jarzebowska, Elzbieta M.},
journal = {Robotica},
number = {01},
pages = {61},
title = {{Control oriented dynamic formulation for robotic systems with program constraints}},
volume = {24},
year = {2006}
}
@inproceedings{Codourey1996,
address = {Osaka},
author = {Codourey, A.},
booktitle = {Proceedings of IEEE/RSJ International Conference on Intelligent Robots and Systems. IROS '96},
isbn = {078033213X},
pages = {1211--1218},
title = {{Dynamic modelling and mass matrix evaluation of the DELTA parallel robot for axes decoupling control}},
volume = {3},
year = {1996}
}
@article{Peng1996,
author = {Peng, C. and Ayala, P. Y. and Schlegel, H. B. and Frisch, M. J.},
journal = {Journal of Computational Chemistry},
number = {1},
pages = {49--56},
title = {{Using redundant internal coordinates to optimize equilibrium geometries and transition states}},
volume = {17},
year = {1996}
}
@article{Schiehlen2011,
author = {Schiehlen, Werner and Garc\'{\i}a-Vallejo, Daniel},
journal = {Procedia IUTAM},
pages = {199--211},
title = {{Walking dynamics from mechanism models to parameter optimization}},
volume = {2},
year = {2011}
}
@article{Schmitke2008,
author = {Schmitke, Chad and Morency, Kevin Warren and McPhee, John J.},
journal = {Proceedings of the Institution of Mechanical Engineers, Part K: Journal of Multi-body Dynamics},
number = {4},
pages = {339--352},
title = {{Using graph theory and symbolic computing to generate efficient models for multi-body vehicle dynamics}},
volume = {222},
year = {2008}
}
