%------------------LIVROS------------------%

@book{Kane,
  title={{Dynamics, theory and applications}},
  author={Kane, T. R. and Levinson, D. A.},
  isbn={9780070378469},
  lccn={84021802},
  series={McGraw-Hill series in mechanical engineering},
  year={1985},
  publisher={McGraw-Hill}
}


@book{Tsai,
  title={{Robot analysis: the mechanics of serial and parallel manipulators}},
  author={Tsai, L.W.},
  isbn={9780471325932},
  lccn={98036463},
  series={Wiley-Interscience publication},
  year={1999},
  publisher={Wiley}
}


@book{Roth,
  title={{Theoretical kinematics}},
  author={Bottema, O. and Roth, B.},
  isbn={9780486663463},
  lccn={lc77028637},
  series={Dover books on engineering},
  year={1979},
  publisher={Dover Publications}
}


@book{Craig,
  title={{Introduction to robotics: mechanics and control}},
  author={Craig, J.J.},
  isbn={9780201543612},
  lccn={88037607},
  series={Addison-Wesley series in electrical and computer engineering: control engineering},
  year={2005},
  publisher={Pearson/Prentice Hall}
}


@book{Merlet,
  title={{Parallel robots}},
  author={Merlet, J.P.},
  isbn={9781402041327},
  lccn={2006455128},
  series={Solid mechanics and its applications},
  year={2006},
  publisher={Springer}
}


@book{Lanczos,
  title={{The variational principles of mechanics}},
  author={Lanczos, C.},
  isbn={9780486650678},
  lccn={lc85029168},
  series={Mathematical expositions},
  year={1970},
  publisher={Dover Publications}
}


@book{Lagrange,
  title={{M{\'e}canique analytique}},
  author={Lagrange, J.L.},
  year={1811},
  publisher={Courcier}
}


@book{Jalon,
  title={{Kinematic and dynamic simulation of multibody systems: the real-time challenge}},
  author={J. Garc\'ia de Jal\'on and E. Bayo},
  isbn={9780387940960},
  lccn={93029030},
  series={Mechanical engineering series},
  year={1994},
  publisher={Springer-Verlag}
}


@book{Gelfand,
  title={{Calculus of Variations}},
  author={Gelfand, I.M. and Fomin, S.V. and Silverman, R.A.},
  isbn={9780486414485},
  lccn={00057099},
  series={Dover Books on Mathematics},
  year={2000},
  publisher={Dover Publications}
}


@book{Leech,
  title={{Mec\^{a}nica Anal\'{i}tica}},
  author={Leech, J.~W.},
  year={1971},
  publisher={Ao Livro T\'{e}cnico S.~A. e Editora da Universidade de S\~{a}o Paulo}
}

@book{Meirovitch,
  title={{Methods of Analytical Dynamics}},
  author={Meirovitch, L.},
  isbn={9780486137599},
  lccn={2003060379},
  series={Dover Civil and Mechanical Engineering Series},
  year={2010},
  publisher={Dover}
}

@book{Pars,
  title={{A treatise on analytical dynamics}},
  author={Pars, L.A.},
  lccn={66070111},
  year={1965},
  publisher={Heinemann}
}


@book{Shabana,
  title={{Computational Dynamics}},
  author={Shabana, A.},
  isbn={9780471371441},
  lccn={92044579},
  series={Wiley-Interscience publication},
  year={2001},
  publisher={John Wiley \& Sons}
}


@book{Haaser,
  title={Real Analysis},
  author={Haaser, N.B. and Sullivan, J.A.},
  isbn={9780486157535},
  lccn={90045359},
  series={Dover Books on Mathematics Series},
  year={1991},
  publisher={Dover Publications}
}


@book{Boulos,
  title={Geometria anal\'{i}tica: um tratamento vetorial},
  author={Boulos, P. and de Camargo, I.},
  isbn={9780074500460},
  year={1987},
  publisher={Pearson education}
}


@book{Goldstein,
  title={Classical Mechanics},
  author={Goldstein, Herbert and Poole, Jr., Charles P. and Safko, John L.},
  isbn={9788177582833},
  year={2002},
  publisher={Pearson Education}
}


@book{Ball,
  title={A Treatise on the Theory of Screws},
  author={Ball, R.S.},
  isbn={9780521636506},
  lccn={98229030},
  series={Cambridge Mathematical Library},
  year={1998},
  publisher={Cambridge University Press}
}


@book{Selig,
  title={Geometric Fundamentals of Robotics},
  author={Selig, J.M.},
  isbn={9780387208749},
  lccn={2004059103},
  series={Monographs in Computer Science},
  year={2005},
  publisher={Springer}
}


@book{Featherstone,
  title={Rigid Body Dynamics Algorithms},
  author={Featherstone, R.},
  isbn={9780387743158},
  lccn={2007936980},
  series={Kluwer international series in engineering and computer science: Robotics},
  year={2008},
  publisher={Springer}
}

@book{Baruh,
  title={Analytical Dynamics},
  author={Baruh, H.},
  isbn={9780073659770},
  lccn={98034940},
  series={Engineering Mechanics Series},
  url={http://books.google.com.br/books?id=r5t5QgAACAAJ},
  year={1999},
  publisher={McGraw-Hill Higher Education}
}


@book{Callioli,
  title={{\'A}lgebra linear e aplica{\c{c}}{\~o}es},
  author={Callioli, C.A. and Costa, R.C.F. and Domingues, H.H.},
  isbn={9788570562975},
  year={1990},
  publisher={Atual}
}


@book{Jammer,
  title={Concepts of Force},
  author={Jammer, M.},
  isbn={9780486150567},
  series={Dover Books on Physics},
  year={2012},
  publisher={Dover Publications}
}

@book{Friedland,
  title={Control System Design: An Introduction to State-Space Methods},
  author={Friedland, B.},
  isbn={9780486135113},
  series={Dover Books on Electrical Engineering},
  year={2012},
  publisher={Dover Publications}
}


%------------------ARTIGOS E CONGRESSOS------------------%

@article{Herve1999,
	title = {{The Lie group of rigid body displacements, a fundamental tool for mechanism design}},
	journal = "Mechanism and Machine Theory",
	volume = "34",
	number = "5",
	pages = "719 - 730",
	year = "1999",
	note = "",
	issn = "0094-114X",
	doi = "10.1016/S0094-114X(98)00051-2",
	author = "Herv\'{e}, J.M."
}


@conference{Merlet2002,
  title = {{Still a long way to go on the road for parallel mechanisms}},
  author = {Merlet, J.P.},
  year= {2002},
  booktitle = {ASME DETC Conference, {Montreal, 2002}}
  address = {Montreal, Canada}
}


@article{UdwadiaJBSMSE2006,
   title = {{Recent advances in multi-body dynamics and nonlinear control}},
   journal = {Journal of the Brazilian Society of Mechanical Sciences and Engineering},
   author={Udwadia, F.E.},
   ISSN = {1678-5878},
   language = {en},
   volume = {28},
   year = {2006},
   month = {09},
   pages = {311 - 315},
   publisher = {scielo},
   crossref = {10.1590/S1678-58782006000300008},
}


@article{Udwadia2002,
	title = {{On the foundations of analytical dynamics}},
	journal = "International Journal of Non-Linear Mechanics",
	volume = "37",
	number = "6",
	pages = "1079 - 1090",
	year = "2002",
	note = "",
	issn = "0020-7462",
	doi = "10.1016/S0020-7462(01)00033-6",
	author = "F.E. Udwadia and R.E. Kalaba"
}


@article{Udwadia1992,
	title = {{A new perspective on constrained motion}},
	journal = "Proceedings: Mathematical and Physical Sciences",
	year = "1992",
	author = "F.E. Udwadia and R.E. Kalaba"
	publisher = {The Royal Society},
}


@article{UdwadiaPRSA2006a,
	title = {{Explicit equations of motion for constrained mechanical systems with singular mass
	matrices and applications to multi-body dynamics}},
	journal = "Proceedings of The Royal Society A",
	year = "2006",
	author = "F.E. Udwadia and P. Phohomsiri"
	publisher = {The Royal Society},
}


﻿@article {Cuadrado1997,
   author = {Cuadrado, J. and Cardenal, J. and Bayo, E.},
   title = {{Modeling and Solution Methods for Efficient Real-Time Simulation of Multibody Dynamics}},
   journal = {Multibody System Dynamics},
   publisher = {Springer Netherlands},
   issn = {1384-5640},
   keyword = {Engineering},
   pages = {259-280},
   volume = {1},
   issue = {3},
   note = {10.1023/A:1009754006096},
   year = {1997}
}


﻿@incollection {Nikravesh2005,
   author = {Nikravesh, P. E.},
   affiliation = {University of Arizona Department of Aerospace and Mechanical Engineering Tucson USA},
   title = {{An Overview of Several Formulations for Multibody Dynamics}},
   booktitle = {Product Engineering, Netherlands, 2005},
   publisher = {Springer Netherlands},
   keyword = {Engineering},
   pages = {189-226},
   year = {2005}
}


@article{Tian2009,
	author = {Qiang Tian and Li Ping Chen and Yun Qing Zhang and Jingzhou Yang},
	collaboration = {},
	title = {{An Efficient Hybrid Method for Multibody Dynamics Simulation Based on Absolute Nodal Coordinate Formulation}},
	publisher = {ASME},
	year = {2009},
	journal = {Journal of Computational and Nonlinear Dynamics},
	volume = {4},
	number = {2},
	eid = {021009},
	numpages = {14},
	pages = {021009},
	keywords = {dynamics; finite element analysis; mechanical engineering computing},
	doi = {10.1115/1.3079783}
}


@ARTICLE{KaneASME1983,
   author = {Kane, T. R. and Levinson, D. A.},
    title = {{Multibody dynamics}},
  journal = {ASME Transactions Series E Journal of Applied Mechanics},
 keywords = {DYNAMIC MODELS, EQUATIONS OF MOTION, MANIPULATORS, MECHANICAL DEVICES, ASTRODYNAMICS, COMPLEX SYSTEMS, COMPUTER PROGRAMS, ROBOTICS},
     year = 1983,
    month = dec,
   volume = 50,
    pages = {1071-1078},
}


@article{Jalon2011,
	title = {{A straight methodology to include multibody dynamics in graduate and undergraduate subjects}},
	journal = "Mechanism and Machine Theory",
	volume = "46",
	number = "2",
	pages = "168 - 182",
	year = "2011",
	note = "",
	issn = "0094-114X",
	doi = "10.1016/j.mechmachtheory.2010.09.008",
	author = "J. Garc\'ia de Jal\'on and A. Callejo",
	keywords = "Multibody systems",
	keywords = "Teaching methodology",
	keywords = "Education",
	keywords = "Natural coordinates",
	keywords = "MATLAB"
}

@article{Jalon1986,
  title = "Natural coordinates for the computer analysis of multibody systems ",
  journal = "Computer Methods in Applied Mechanics and Engineering ",
  volume = "56",
  number = "3",
  pages = "309 - 327",
  year = "1986",
  issn = "0045-7825",
  author = "J. Garc\'{i}a de Jal\'{o}n and J. Unda and A. Avello"
}


@article{Sutherland2009,
	title = {{Alternative approach for teaching multibody dynamics}},
	journal = "Proceedings of the 2009 ASEE Annual Conference and Exposition",
	year = "2009",
	author = "G. Sutherland"
	publisher = {ASEE},
}


@article{Papastavridis1987,
   author = {Papastavridis, J.~G.},
    title = {{The variational principles of mechanics, and a reply to C. D. Bailey}},
  journal = {Journal of Sound Vibration},
     year = 1987,
    month = "Outubro",
   volume = 118,
    pages = {378-393},
      doi = {10.1016/0022-460X(87)90533-5},
}


@article{Critchley2003,
   author = {Critchley, J.~H. and Anderson, K.~S.},
    title = {{A Generalized Recursive Coordinate Reduction Method for Multibody System Dynamics}},
  journal = {International Journal for Multiscale Computational Engineering},
   volume = 1,
   number = 2,
    pages = {181-199},
}


@article{Gillespie2003,
  author = {Gillespie, R.~B.},
  title = {{Kane's Equations for Haptics Display of Multibody Systems}},
  journal = "Haptics-e",
  volume = "3",
  number = "2",
  month = "Agosto",
  year = "2003",
}


@article{Han2002,
	title = {{Kinematic sensitivity analysis of the 3-UPU parallel mechanism}},
	journal = "Mechanism and Machine Theory",
	volume = "37",
	number = "8",
	pages = "787 - 798",
	year = "2002",
	note = "",
	issn = "0094-114X",
	doi = "10.1016/S0094-114X(02)00021-6",
	author = "Chanhee Han and Jinwook Kim and Jongwon Kim and Frank Chongwoo Park",
	keywords = "Parallel mechanism",
	keywords = "3-UPU",
	keywords = "Kinematic sensitivity",
	keywords = "Kinematic singularity"
}


@article{Gibbs1879,
     title = {{On the Fundamental Formulae of Dynamics}},
     author = {Gibbs, J. W.},
     journal = {American Journal of Mathematics},
     volume = {2},
     number = {1},
     pages = {pp. 49-64},
     ISSN = {00029327},
     language = {English},
     year = {1879},
     publisher = {The Johns Hopkins University Press},
}


@article{Appell1900,
     title = {{Sur une forme g\'{e}n\'{e}rale des \'{e}quations de la dynamique}},
     author = {Appell, P.},
     journal = {Journal f\"{u}r die reine und angewandte Mathematik},
     volume = {121},
     pages = {pp. 310-319},
     year = {1900},
}


﻿@article {Leger2007,
   author = {L\'{e}ger, Mathieu and McPhee, John},
   affiliation = {University of Waterloo Ontario Canada},
   title = {{Selection of modeling coordinates for forward dynamic multibody simulations}},
   journal = {Multibody System Dynamics},
   publisher = {Springer Netherlands},
   issn = {1384-5640},
   keyword = {Engineering},
   pages = {277-297},
   volume = {18},
   issue = {2},
   note = {10.1007/s11044-007-9083-1},
   year = {2007}
}


@article{Liu2006,
	title = {{On the optimal kinematic design of the PRRRP 2-DoF parallel mechanism}},
	journal = "Mechanism and Machine Theory",
	volume = "41",
	number = "9",
	pages = "1111 - 1130",
	year = "2006",
	issn = "0094-114X",
	doi = "10.1016/j.mechmachtheory.2005.10.008",
	author = "Xin-Jun Liu and Jinsong Wang and G. Pritschow",
	keywords = "Parallel mechanism",
	keywords = "Optimum design",
	keywords = "Performance charts",
	keywords = "Workspace",
	keywords = "Velocity",
	keywords = "Payload capability",
	keywords = "Stiffness"
}


@article{McPhee2004,
	author = {McPhee, John and Schmitke, Chad and Redmond, Scott},
	title = {{Dynamic Modelling of Mechatronic Multibody Systems With Symbolic Computing and Linear Graph Theory}},
	journal = {Mathematical and Computer Modelling of Dynamical Systems},
	volume = {10},
	number = {1},
	pages = {1-23},
	year = {2004},
	doi = {10.1080/13873950412331318044},
}


@article{McPhee2006,
	title = {{Modelling multibody systems with indirect coordinates}},
	journal = "Computer Methods in Applied Mechanics and Engineering",
	volume = "195",
	number = "50-51",
	pages = "6942 - 6957",
	year = "2006",
	issn = "0045-7825",
	doi = "10.1016/j.cma.2005.02.033",
	author = "John J. McPhee and Scott M. Redmond",
	keywords = "Multibody dynamics",
	keywords = "Indirect coordinates",
	keywords = "Graph theory",
	keywords = "Symbolic computing",
	keywords = "Virtual joint"
}


﻿@article {McPhee2000,
   author = {Shi, Pengfei and McPhee, John},
   title = {{Dynamics of Flexible Multibody Systems Using Virtual Work and Linear Graph Theory}},
   journal = {Multibody System Dynamics},
   publisher = {Springer Netherlands},
   issn = {1384-5640},
   keyword = {Engineering},
   pages = {355-381},
   volume = {4},
   issue = {4},
   year = {2000}
}


@ARTICLE{Shi2000,
    author = {P. Shi and J. Mcphee and G.R. Heppler},
    title = {{A Deformation Field for Euler-Bernoulli Beams with Applications to Flexible Multibody Dynamics}},
    journal = {Multibody System Dynamics},
    year = {2000},
    volume = {5},
    pages = {2001}
}


@article{Mitiguy1996,
	author = {Mitiguy, P. C. and Kane, T. R.}, 
	title = {{Motion Variables Leading to Efficient Equations of Motion}}, 
	volume = {15}, 
	number = {5}, 
	pages = {522-532}, 
	year = {1996}, 
	doi = {10.1177/027836499601500507}, 
	abstract ={In order to formulate equations that govern the motion of a mechanical system, the analyst must choose time-dependent variables that characterize the configuration and motion of the system. Generally, the choice of variables made by the analyst has a profound effect on the efficiency of the resulting equations—"efficiency" here referring to relative simplicity, ease of manipulation for purposes of designing automatic con trol systems, and minimal consumption of computer time during numerical solution. In this article, guidelines are set forth for the selection of motion variables that lead to exceptionally effi cient dynamical differential equations for systems belonging to a large class frequently encountered in robotics.}, 
	journal = {The International Journal of Robotics Research} 
}	


@article{Park1999,
	title = {{Symbolic formulation of closed chain dynamics in independent coordinates}},
	journal = "Mechanism and Machine Theory",
	volume = "34",
	number = "5",
	pages = "731 - 751",
	year = "1999",
	issn = "0094-114X",
	doi = "10.1016/S0094-114X(98)00052-4",
	author = "F.C Park and Jihyeon Choi and S.R Ploen"
}


@article{Paul1975,
	title = {{Analytical dynamics of mechanisms -- a computer oriented overview}},
	journal = "Mechanism and Machine Theory",
	volume = "10",
	number = "6",
	pages = "481 - 507",
	year = "1975",
	issn = "0094-114X",
	doi = "10.1016/0094-114X(75)90005-1",
	author = "B. Paul"
}


@article{Richard2012,
	author = {M. J. Richard and M. Bouazara},
	year = {2012},
	title = {{Graph-Theoretic Approach for the Dynamic Simulation of Flexible Multibody Systems}},
	journal = {Advances in Mechanical Engineering},
	volume = {2012},
	doi = {10.1155/2012/530132},
}



﻿@article {Schiehlen1997,
   author = {Schiehlen, W.},
   title = {{Multibody System Dynamics: Roots and Perspectives}},
   journal = {Multibody System Dynamics},
   publisher = {Springer Netherlands},
   issn = {1384-5640},
   keyword = {Engineering},
   pages = {149-188},
   volume = {1},
   issue = {2},
   url = {http://dx.doi.org/10.1023/A:1009745432698},
   note = {10.1023/A:1009745432698},
   year = {1997}
}



@article{Schmitke2008,
	author = {Schmitke, C and Morency, K and McPhee, J}, 
	title = {{Using graph theory and symbolic computing to generate efficient models for multi-body vehicle dynamics}}, 
	volume = {222}, 
	number = {4}, 
	pages = {339-352}, 
	year = {2008}, 
	doi = {10.1243/14644193JMBD160}, 
	abstract ={Linear graph theory, invented in 1736 by Leonhard Euler, has been combined with principles of physics to develop algorithms for formulating the dynamic equations for multi-body multi-domain systems. This graph-theoretic formulation allows electrical, mechanical, and hydraulic systems to be modelled within a common framework. The formulation has been implemented in a symbolic computer program, DynaFlexPro, that automatically generates compact and efficient sets of system equations that lead to reduced simulation times compared with most commercial multi-body dynamics software.In this article, models of pneumatic tyres are incorporated into the symbolic computer implementation, which is used to create real-time simulations of vehicle dynamics. The tyre component forms a list of symbolic expressions for important tyre variables, such as inclination and slip angle, that are used to calculate tyre forces and moments during simulation. If the transient behaviour of the tyre is important, the user can request that additional relaxation length equations be included in the model. The tyre component allows the user to choose from several tyre model functions that describe the generation of forces and moments at the tyre contact patch and can also accommodate user-developed tyre model functions.A brief introduction to the linear graph formulation procedure used by DynaFlexPro is given, as well as an explanation of how the tyre component works within the linear graph framework. As an example, optimized simulation code is generated for a three-dimensional vehicle model, and results are validated using an equivalent model in the MSC.ADAMS® commercial software package.}, 
	journal = {Proceedings of the Institution of Mechanical Engineers, Part K: Journal of Multi-body Dynamics} 
}


@article{Staicu2008,
	title = {{A novel dynamic modelling approach for parallel mechanisms analysis}},
	journal = "Robotics and Computer-Integrated Manufacturing",
	volume = "24",
	number = "1",
	pages = "167 - 172",
	year = "2008",
	note = "",
	issn = "0736-5845",
	doi = "10.1016/j.rcim.2006.09.001",
	author = "Stefan Staicu and Dan Zhang",
	keywords = "Recursive matrix method",
	keywords = "Dynamic model",
	keywords = "Parallel mechanism"
}


@article{Staicu2006,
	author = {Staicu,Stefan and Zhang,Dan and Rugescu,Radu},
	title = {{Dynamic modelling of a 3-DOF parallel manipulator using recursive matrix relations}},
	journal = {Robotica},
	volume = {24},
	number = {01},
	pages = {125-130},
	year = {2006},
	doi = {10.1017/S0263574705001670},
}


@article{Staicu2007,
	author = {Stefan Staicu},
	title = {{Dynamics of a 3-RRR Spherical Parallel Mechanism Based on Principle of Virtual Powers}},
	year = {2007},
}


@article{Staicu2009,
	author = {Staicu,Stefan},
	title = {{Recursive modelling in dynamics of Delta parallel robot}},
	journal = {Robotica},
	volume = {27},
	number = {02},
	pages = {199-207},
	year = {2009},
	doi = {10.1017/S0263574708004451},
}


@article{UdwadiaASME2001, 
	title={{Explicit Equations of Motion for Mechanical Systems With Nonideal Constraints}}, 
	volume={68}, 
	number={3}, 
	journal={Journal of Applied Mechanics}, 
	publisher={ASME}, 
	author={Udwadia, F E and Kalaba, R E}, 
	year={2001}, 
	pages={462--467}
}


@article{UdwadiaQAM1998,
	author = {Udwadia, F. E. and Kalaba, R. E.},
	title = {{The explicit Gibbs-Appell equation and generalized inverse forms}},
	journal = {Q. Appl. Math.},
	issue_date = {June 1998},
	volume = {LVI},
	number = {2},
	month = jun,
	year = {1998},
	issn = {0033-569X},
	pages = {277--288},
	numpages = {12},
	acmid = {292592},
	publisher = {American Mathematical Society},
	address = {Boston, MA, USA},
} 


@article{UdwadiaASME2002, 
	title={{What is the General Form of the Explicit Equations of Motion for Constrained Mechanical Systems?}}, 
	volume={69}, 
	number={3}, 
	journal={Journal of Applied Mechanics}, 
	publisher={ASME}, 
	author={Udwadia, F E and Kalaba, R E}, 
	year={2002}, 
	pages={335--339}
}


@article{UdwadiaPRSA2007a, 
	title={{Explicit Poincar\'{e} equations of motion for general constrained systems. Part I. Analytical results}}, 
	volume={463}, 
	number={2082}, 
	journal={Proceedings of the Royal Society A Mathematical Physical and Engineering Sciences}, 
	author={Udwadia, Firdaus E and Phohomsiri, Phailaung}, 
	year={2007}, 
	pages={1421--1434}
}


@article{UdwadiaPRSA2007b, 
	title={{Explicit Poincar\'{e} equations of motion for general constrained systems. Part II. Applications to multi-body dynamics and nonlinear control}}, 
	volume={463}, 
	number={2082}, 
	journal={Proceedings of the Royal Society A Mathematical Physical and Engineering Sciences}, 
	author={Udwadia, Firdaus E and Phohomsiri, Phailaung}, 
	year={2007}, 
	pages={1435--1446}
}


﻿@article {UdwadiaACTA2010,
   author = {Udwadia, Firdaus and Schutte, Aaron},
   title = {{Equations of motion for general constrained systems in Lagrangian mechanics}},
   journal = {Acta Mechanica},
   publisher = {Springer Wien},
   issn = {0001-5970},
   keyword = {Engineering},
   pages = {111-129},
   volume = {213},
   issue = {1},
   note = {10.1007/s00707-009-0272-2},
   year = {2010}
}


﻿@article {Zhao2004,
   author = {Zhao, Jing-Shan and Zhou, Kai and Mao, De-Zhu and Gao, Yun-Feng and Fang, Yuefa},
   affiliation = {Department of Precision Instruments Tsinghua University 100084 Beijing P.R. China},
   title = {{A new method to study the degree of freedom of spatial parallel mechanisms}},
   journal = {The International Journal of Advanced Manufacturing Technology},
   publisher = {Springer London},
   issn = {0268-3768},
   keyword = {Engineering},
   pages = {288-294},
   volume = {23},
   issue = {3},
   year = {2004}
}


@article{Zhao2008,
	title = {{Symmetrical characteristics of the workspace for spatial parallel mechanisms with symmetric structure}},
	journal = "Mechanism and Machine Theory",
	volume = "43",
	number = "4",
	pages = "427 - 444",
	year = "2008",
	issn = "0094-114X",
	doi = "10.1016/j.mechmachtheory.2007.04.004",
	author = "Jing-Shan Zhao and Fulei Chu and Zhi-Jing Feng",
	keywords = "Workspace",
	keywords = "Symmetry",
	keywords = "Theorem",
	keywords = "Spatial parallel mechanism"
}


@article{Fayet1994,
	author = "Fayet, M. and Pfister, F.",
	institution = "Inst. national sci. appliquées Lyon, mécanique gén., FRA",
	title = {{Analysis of multibody systems with indirect coordinates and global inertia tensors}},
	journal = "European journal of mechanics. A. Solids",
	year = "1994",
	volume = "13",
	number = "3",
	pages = "431--457",
	editor = "Elsevier",
	issn = "0997-7538",
	note = "eng",
	keywords = "Dynamical systems; Many-body problem; Open loop; Virtual power principle; Reference systems; Theoretical study; Equations of motion; Inertial force",
}


@article {Aghili2003,
	author = "Aghili, F. and Piedbouf, J-C.",
	title = {{Simulation of Motion of Constrained Multibody Systems Based on Projection Operator}},
	journal = "Multibody System Dynamics",
	volume = "10",
	number = "1",
	year = "2003",
	pages = "3-16",
}


@article {Buffinton2005,
	author = "Keith W. Buffinton",
	title = {{Kane's Method in Robotics}},
	journal = "Robotics and Automation Handbook",
	editor = "CRC Press",
	year = "2005",
	pages = "6.1-6.31",
}

@article{Coelho2004,
  title = "Decoupling of dynamic equations by means of adaptive balancing of 2-dof open-loop mechanisms ",
  journal = "Mechanism and Machine Theory ",
  volume = "39",
  number = "8",
  pages = "871 - 881",
  year = "2004",
  note = "",
  issn = "0094-114X",
  doi = "http://dx.doi.org/10.1016/j.mechmachtheory.2004.02.011",
  url = "http://www.sciencedirect.com/science/article/pii/S0094114X04000576",
  author = "Tarcisio A.H Coelho and Liang Yong and Valter F.A Alves",
  keywords = "Mechanism",
  keywords = "Robot manipulator",
  keywords = "Balancing",
  keywords = "Decoupling "
}


@article{Jarzebowska2009,
  title = "Quasi-coordinates based dynamics modeling and control design for nonholonomic systems ",
  journal = "Nonlinear Analysis: Theory, Methods and Applications ",
  volume = "71",
  number = "12",
  pages = "e118 - e131",
  year = "2009",
  note = "",
  issn = "0362-546X",
  doi = "http://dx.doi.org/10.1016/j.na.2008.10.049",
  url = "http://www.sciencedirect.com/science/article/pii/S0362546X08005361",
  author = "Elzbieta Jarzebowska",
  keywords = "Nonholonomic systems",
  keywords = "Nonlinear control",
  keywords = "Quasi-coordinates "
}

@article{Orsino2013,
  journal = "International Journal of Mechanisms and Robotic Systems",
  title = "A contribution for developing more efficient dynamic modelling algorithms of parallel robots",
  volume = "1(1)",
  issue  = "1",
  pages =  "15 - 34",
  year = "2013",
  author = "Renato M. M. Orsino and Tarcisio A. Hess Coelho",
  doi = "http://dx.doi.org/10.1504/IJMRS.2013.051287",
  publisher="Inderscience Publishers"
}

@article{Rynaldo,
  title = "Modelagem dinâmica e controle e robô manipulador de arquitetura paralela assimétrica de três graus de liberdade",
  volume = "1(1)",
  issue  = "1",
  year = "2013",
  author = "Rynaldo Zanotele Hemerly de Almeida",
}

@article{Andre,
  title = "Plataforma robótica para reabilitação do membro superior humano",
  volume = "1(1)",
  issue  = "1",
  year = "2013",
  author = "André G. Coutinho and Guilherme M. Dobriankyj",
}

@article{Andre2,
  journal = "Biomedical Robotics and Biomechatronics (2014 5th IEEE RAS & EMBS International Conference on",
  title = "Development of a controllerfor a 3-DOF robotic platform for user interaction in rehabilitation therapies",
  volume = "1(1)",
  issue  = "1",
  pages =  "819 - 824",
  year = "2014",
  author = "Guilherme M. Dobriankyj, André G. Coutinho and Tarcisio A. Hess Coelho",
  doi = "http://dx.doi.org/10.1109/BIOROB.2014.6913880",
  publisher="IEEE"
}

@article{Apostila,
  title = "Metodologia para Análise e Síntese de Mecanismos",
  volume = "1(1)",
  issue  = "1",
  year = "2013",
  author = "Renato M. M. Orsino and Tarcisio A. Hess Coelho",
}

@INPROCEEDINGS{Zubizarreta,
author={Zubizarreta, A. and Cabanes, I. and Marcos, M. and Pinto, C. and Portillo, E.},
booktitle={Emerging Technologies and Factory Automation (ETFA), 2010 IEEE Conference on},
title={Extended CTC control for parallel robots},
year={2010},
month={Sept},
pages={1-8},
keywords={robot dynamics;robot kinematics;torque control;complex structure;computed torque control;dynamic modelling;kinematic modelling;model based control;parallel robot;redundant dynamic model;robotic architecture;sensitivity;stability},
doi={10.1109/ETFA.2010.5641194},
ISSN={1946-0740},}

@ARTICLE{Bloch,
author={Bloch, A.M. and Reyhanoglu, M. and McClamroch, N.H.},
journal={Automatic Control, IEEE Transactions on},
title={Control and stabilization of nonholonomic dynamic systems},
year={1992},
month={Nov},
volume={37},
number={11},
pages={1746-1757},
keywords={algebra;differential equations;feedback;nonlinear control systems;stability;differential-algebraic equations;mechanical system;nonholonomic constraints;nonholonomic dynamic systems;nonlinear control;piecewise analytic state feedback;reduced state equations;Constraint theory;Control systems;Differential equations;Motion control;Nonlinear control systems;Nonlinear equations;Robots;State feedback;Symmetric matrices;Wheels},
doi={10.1109/9.173144},
ISSN={0018-9286},}

@book{opac-b1132812,
   title = "Applied nonlinear control",
   author = "Slotine, Jean-Jacques E. and Li, Weiping",
   publisher = "Prentice Hall",
   address = "Englewood Cliffs (N.J.)",
   url = "http://opac.inria.fr/record=b1132812",
   isbn = "0-13-040890-5",
   year = 1991
}

